My Publications (in chronological order):

@inproceedings{wu2018coflow,
  author		= {Wu, Ning and Tseng, Shih-Hao and Tang, Ao},
  booktitle		= {Proc. Allerton},
  title			= {Accurate Rate-Aware Flow-Level Traffic Splitting},
  year			= {2018},
  month			= {oct}
}

@inproceedings{tseng2018coflow,
  title			= {Coflow Deadline Scheduling via Network-Aware Optimization},
  author		= {Tseng, Shih-Hao and Tang, Ao},
  booktitle		= {Proc. Allerton},
  year			= {2018},
  month			= {oct}
}

@inproceedings{tseng2018hybrid,
  title			= {Hybrid Circuit/Packet Network Scheduling with Multiple Composite Paths},
  author		= {Tseng, Shih-Hao and Bai, Bo and Lui, John Chi Shing},
  booktitle		= {Proc. IEEE INFOCOM},
  year			= {2018},
  month			= {apr},
  day			= {18}
}

@inproceedings{tseng2017local,
  title			= {A Local Search Algorithm for the {Witsenhausen}'s Counterexample},
  author		= {Tseng, Shih-Hao and Tang, Ao},
  booktitle		= {Proc. IEEE CDC},
  year			= {2017},
  month			= {dec},
  day			= {15}
}

@inproceedings{tseng2016random,
  title			= {Random Convex Approximations of Ambiguous Chance Constrained Programs},
  author		= {Tseng, Shih-Hao and Bitar, Eilyan and Tang, Ao},
  booktitle		= {Proc. IEEE CDC},
  year			= {2016},
  month			= {dec},
  day			= {14}
}

@inproceedings{gushchin2016optimization,
  title			= {Optimization-Based Network Flow Deadline Scheduling},
  author		= {Gushchin, Andrey and Tseng, Shih-Hao and Tang, Ao},
  booktitle		= {Proc. IEEE ICNP},
  year			= {2016},
  month			= {nov},
  day			= {11}
}

@inproceedings{tseng2016time,
  title			= {Time-Aware Congestion-Free Routing Reconfiguration},
  author		= {Tseng, Shih-Hao and Lim, Chiun Lin and Wu, Ning and Tang, Ao},
  booktitle		= {Proc. IFIP Networking},
  year			= {2016},
  month			= {may},
  day			= {17},
  pages			= {55-63}
}

Unpublished works:

@submitted{tsengsubrouting,
  title			= {Routing Stability in Hybrid Software-Defined Networks},
  author		= {Tseng, Shih-Hao and Tang, Ao and Choudury, Gagan and Tse, Simon},
  note			= {Submitted for review}
}

@submitted{tsengsubnetwork,
  title			= {Network-Calculus-Based Upper Bounds on Age of Information},
  author		= {Tseng, Shih-Hao},
  note			= {Submitted for review}
}

@unpublished{tsengpreppushing,
  title			= {Pushing More Bits Through The Same Pipes: Inter-Datacenter Bulk Transfers with {CodedBulk}},
  author		= {Tseng, Shih-Hao and Agarwal, Saksham and Agarwal, Rachit and Ballani, Hitesh and Tang, Ao},
  note			= {In preparation}
}

@unpublished{chengprepdistributed,
  title			= {Distributed Load Balancing in Intelligent Meshed Mobile Edge Computing Networks},
  author		= {Cheng, Jiangnan and Tseng, Shih-Hao and Tang, Ao},
  note			= {In preparation}
}